@article{nema2010,
author = {Luca Deri, Joseph Gasparakis, PJ Waskiewicz, Francesco Fusco},
title = {Wire-Speed Hardware-Assisted Traffic Filtering with Mainstream Network Adapters},
publisher = {NEMA, Proceedings from First International Workshop on Network Embedded Management and Applications},
address = {Niagara Falls, Canada},
year = {2010},
}

@article{luca2010,
author = "Francesco Fusco, Luca Deri",
title = "High Speed Network Traffic Analysis with Commodity Multi-core Systems",
address = "https://luca.ntop.org/imc2010.pdf",
year = {2010},
}

@misc{netperf,
author = "Rick Jones, et al",
title = "Netperf main github site",
address = "https://github.com/HewlettPackard/netperf",
howpublished = "Github repo",
}

@misc{irqbalance,
author = "Neil Horman, PJ Waskiewicz, et al",
title = "irqbalance main github site",
address = "https://github.com/Irqbalance/irqbalance",
howpublished = "Github repo",
}

@article{homa,
author = {Behnam Montazeri, Yilong Li, Mohammad Alizadeh, John Ousterhout},
title = {Homa: A Receiver-Driven Low-Latency Transport Protocol Using Network Priorities},
publisher = {SIGCOMM, Proceedings of the 2018 Conference of the ACM Special Interest Group on Data Communication},
address = {Budapest, Hungary},
year = {2018},
}

@misc{iouring,
author = "Jens Axboe",
title = "Efficient IO with io\_uring",
address = "https://kernel.dk/io\_uring.pdf",
howpublished = "kernel.dk",
year = {2019},
}

@misc{afxdp,
author = "Jonathan Corbet, Bj\"{o}rn T\"{o}pel",
title = "Accelerating networking with AF\_XDP",
address = "https://lwn.net/Articles/750845/",
howpublished = "LWN.net",
year = {2018},
}
